@misc{clay, title={Navier–Stokes Equation, http://www.claymath.org/millennium-problems/navier–stokes-equation}, url={http://www.claymath.org/millennium-problems/navier–stokes-equation}, journal={Clay Mathematics Institute}}

@article{CELLIER_2018triflow, title={Locie/Triflow: Triflow V0.5.0}, url={https://zenodo.org/record/1239703}, DOI={10.5281/zenodo.1239703}, publisher={Zenodo}, author={Cellier, Nicolas}, year={2018}, month={May} }

@article{wang2004imagessim,
  title={Image quality assessment: from error visibility to structural similarity},
  author={Wang, Zhou and Bovik, Alan C and Sheikh, Hamid R and Simoncelli, Eero P and others},
  journal={IEEE Trans on Image Proc.},
  volume={13},
  number={4},
  pages={600--612},
  year={2004}
}
@book{leimkuhler_reich_2005hamiltonian, place={Cambridge}, series={Cambridge Monographs on Applied and Computational Mathematics}, title={Simulating Hamiltonian Dynamics}, DOI={10.1017/CBO9780511614118}, publisher={Cambridge University Press}, author={Leimkuhler, Benedict and Reich, Sebastian}, year={2005}, collection={Cambridge Monographs on Applied and Computational Mathematics}}
@inproceedings{jaderberg2015spatialstn,
  title={Spatial transformer networks},
  author={Jaderberg, Max and Simonyan, Karen and Zisserman, Andrew and others},
  booktitle={Advances in neural information processing systems},
  pages={2017--2025},
  year={2015}
}
@article{hochreiter1997longlstm,
  title={Long short-term memory},
  author={Hochreiter, Sepp and Schmidhuber, J{\"u}rgen},
  journal={Neural computation},
  volume={9},
  number={8},
  pages={1735--1780},
  year={1997},
  publisher={MIT Press}
}
@article{umetani2018learning,
  title={Learning three-dimensional flow for interactive aerodynamic design},
  author={Umetani, Nobuyuki and Bickel, Bernd},
  journal={ACM Transactions on Graphics (TOG)},
  volume={37},
  number={4},
  pages={89},
  year={2018},
  publisher={ACM}
}
@article{xie2018tempogan,
  title={tempogan: A temporally coherent, volumetric gan for super-resolution fluid flow},
  author={Xie, You and Franz, Erik and Chu, Mengyu and Thuerey, Nils},
  journal={ACM Transactions on Graphics (TOG)},
  volume={37},
  number={4},
  pages={95},
  year={2018},
  publisher={ACM}
}
@article{hennigh2017lat,
  title={Lat-net: Compressing lattice Boltzmann flow simulations using deep neural networks},
  author={Hennigh, Oliver},
  journal={arXiv preprint arXiv:1705.09036},
  year={2017}
}
@article{ling2016reynolds,
  title={Reynolds averaged turbulence modelling using deep neural networks with embedded invariance},
  author={Ling, Julia and Kurzawski, Andrew and Templeton, Jeremy},
  journal={Journal of Fluid Mechanics},
  volume={807},
  pages={155--166},
  year={2016},
  publisher={Cambridge University Press}
}
@article{xie2018tempogan,
  title={tempogan: A temporally coherent, volumetric gan for super-resolution fluid flow},
  author={Xie, You and Franz, Erik and Chu, Mengyu and Thuerey, Nils},
  journal={ACM Transactions on Graphics (TOG)},
  volume={37},
  number={4},
  pages={95},
  year={2018},
  publisher={ACM}
}
@inproceedings{guo2016convolutional,
  title={Convolutional neural networks for steady flow approximation},
  author={Guo, Xiaoxiao and Li, Wei and Iorio, Francesco},
  booktitle={ACM SIGKDD},
  pages={481--490},
  year={2016},
  organization={ACM}
}
@article{yang2016data,
  title={Data-driven projection method in fluid simulation},
  author={Yang, Cheng and Yang, Xubo and Xiao, Xiangyun},
  journal={Computer Animation and Virtual Worlds},
  volume={27},
  number={3-4},
  pages={415--424},
  year={2016},
  publisher={Wiley Online Library}
}


@article{farimani2017deep,
  title={Deep learning the physics of transport phenomena},
  author={Farimani, Amir Barati and Gomes, Joseph and Pande, Vijay S},
  journal={arXiv preprint arXiv:1709.02432},
  year={2017}
}

@inproceedings{xingjian2015convolutional,
  title={Convolutional LSTM network: A machine learning approach for precipitation nowcasting},
  author={Xingjian, Shi and others},
  booktitle={NIPS},
  pages={802--810},
  year={2015}
}
@article{ehrhardt2017learning,
  title={Learning a physical long-term predictor},
  author={Ehrhardt, Sebastien and Monszpart, Aron and Mitra, Niloy J and Vedaldi, Andrea},
  journal={arXiv preprint arXiv:1703.00247},
  year={2017}
}
@inproceedings{kalchbrenner2017video,
  title={Video pixel networks},
  author={Kalchbrenner, Nal and van den Oord, A{\"a}ron and Simonyan, Karen and Danihelka, Ivo and Vinyals, Oriol and Graves, Alex and Kavukcuoglu, Koray},
  booktitle={Proceedings of the 34th International Conference on Machine Learning-Volume 70},
  pages={1771--1779},
  year={2017},
  organization={JMLR. org}
}

@article{mathieu2015deep,
  title={Deep multi-scale video prediction beyond mean square error},
  author={Mathieu, Michael and Couprie, Camille and LeCun, Yann},
  journal={arXiv preprint arXiv:1511.05440},
  year={2015}
}
@article{bezenac2017deep,
  title={Deep learning for physical processes: Incorporating prior scientific knowledge},
  author={de Bezenac, Emmanuel and Pajot, Arthur and Gallinari, Patrick},
  journal={arXiv preprint arXiv:1711.07970},
  year={2017}
}
@inproceedings{finn2016unsupervised,
  title={Unsupervised learning for physical interaction through video prediction},
  author={Finn, Chelsea and Goodfellow, Ian and Levine, Sergey},
  booktitle={Advances in neural information processing systems},
  pages={64--72},
  year={2016}
}
@article{patraucean2015spatio,
  title={Spatio-temporal video autoencoder with differentiable memory},
  author={Patraucean, Viorica and Handa, Ankur and Cipolla, Roberto},
  journal={arXiv preprint arXiv:1511.06309},
  year={2015}
}
@inproceedings{jason2016back,
  title={Back to basics: Unsupervised learning of optical flow via brightness constancy and motion smoothness},
  author={Jason, J Yu and Harley, Adam W and Derpanis, Konstantinos G},
  booktitle={ECCV},
  pages={3--10},
  year={2016},
  organization={Springer}
}
@article{fischer2015flownet,
  title={Flownet: Learning optical flow with convolutional networks},
  author={Fischer, Philipp and others},
  journal={arXiv preprint arXiv:1504.06852},
  year={2015}
}

@article{jeong2015dataladickyforest,
  title={Data-driven fluid simulations using regression forests},
  author={Jeong, So Hyeon and Solenthaler, Barbara and Pollefeys, Marc and Gross, Markus and others},
  journal={ACM Transactions on Graphics (TOG)},
  volume={34},
  number={6},
  pages={199},
  year={2015},
  publisher={ACM}
}@article{battaglia2018relationalgn,
  title={Relational inductive biases, deep learning, and graph networks},
  author={Battaglia, Peter W and others},
  journal={arXiv preprint arXiv:1806.01261},
  year={2018}
}
@inproceedings{watters2017visualvin,
  title={Visual interaction networks: Learning a physics simulator from video},
  author={Watters, Nicholas and others},
  booktitle={Advances in neural information processing systems},
  pages={4539--4547},
  year={2017}
}
@book{ferziger2012computationalcfd,
  title={Computational methods for fluid dynamics},
  author={Ferziger, Joel H and Peric, Milovan},
  year={2012},
  publisher={Springer Science \& Business Media}
}
@article{zhang2007comparison,
  title={Comparison of the Eulerian and Lagrangian methods for predicting particle transport in enclosed spaces},
  author={Zhang, Z and Chen, Q},
  journal={Atmospheric environment},
  volume={41},
  number={25},
  pages={5236--5248},
  year={2007},
  publisher={Elsevier}
}
@article{greenman1999high,
  title={High-lift optimization design using neural networks on a multi-element airfoil},
  author={Greenman, Roxana M and Roth, Karlin R},
  journal={Journal of fluids engineering},
  volume={121},
  number={2},
  pages={434--440},
  year={1999},
  publisher={American Society of Mechanical Engineers}
}
@article{wiewel2018latent,
  title={Latent-space physics: Towards learning the temporal evolution of fluid flow},
  author={Wiewel, Steffen and Becher, Moritz and Thuerey, Nils},
  journal={arXiv preprint arXiv:1802.10123},
  year={2018}
}
@article{sorteberg2018approximating,
  title={Approximating the solution to wave propagation using deep neural networks},
  author={Sorteberg, Wilhelm E and Garasto, Stef and Pouplin, Alison S and Cantwell, Chris D and Bharath, Anil A},
  journal={arXiv preprint arXiv:1812.01609},
  year={2018}
}
@article{thuerey2018well,
  title={Well, how accurate is it? a study of deep learning methods for reynolds-averaged navier-stokes simulations},
  author={Thuerey, Nils and Weissenow, Konstantin and others},
  journal={arXiv preprint arXiv:1810.08217},
  year={2018}
}
@article{yang2016data,
  title={Data-driven projection method in fluid simulation},
  author={Yang, Cheng and Yang, Xubo and Xiao, Xiangyun},
  journal={Computer Animation and Virtual Worlds},
  volume={27},
  number={3-4},
  pages={415--424},
  year={2016},
  publisher={Wiley Online Library}
}
@inproceedings{tompson2017accelerating,
  title={Accelerating eulerian fluid simulation with convolutional networks},
  author={Tompson, Jonathan and Schlachter, Kristofer and Sprechmann, Pablo and Perlin, Ken},
  booktitle={ICML},
  pages={3424--3433},
  year={2017},
  organization={JMLR. org}
}

@article{lecun2015deep,
  title={Deep learning},
  author={LeCun, Yann and Bengio, Yoshua and Hinton, Geoffrey},
  journal={Nature},
  volume={521},
  number={7553},
  pages={436},
  year={2015},
  publisher={Nature Publishing Group}
}

@book{bird06transport,
    abstract = {{**\_Transport Phenomena\_** has been revised to include deeper and more
extensive coverage of heat transfer, enlarged discussion of dimensional
analysis, a new chapter on flow of polymers, systematic discussions of
convective momentum,and energy. Topics also include mass transport, momentum
transport and energy transport, which are presented at three different scales:
molecular, microscopic and macroscopic. If this is your first look at
Transport Phenomena you'll quickly learn that its balanced introduction to the
subject of transport phenomena is the foundation of its long-standing success.}},
    author = {Bird, R. Byron and Stewart, Warren E. and Lightfoot, Edwin N.},
    citeulike-article-id = {3279154},
    citeulike-linkout-0 = {http://www.amazon.ca/exec/obidos/redirect?tag=citeulike09-20\&amp;path=ASIN/0470115394},
    citeulike-linkout-1 = {http://www.amazon.de/exec/obidos/redirect?tag=citeulike01-21\&amp;path=ASIN/0470115394},
    citeulike-linkout-2 = {http://www.amazon.fr/exec/obidos/redirect?tag=citeulike06-21\&amp;path=ASIN/0470115394},
    citeulike-linkout-3 = {http://www.amazon.jp/exec/obidos/ASIN/0470115394},
    citeulike-linkout-4 = {http://www.amazon.co.uk/exec/obidos/ASIN/0470115394/citeulike00-21},
    citeulike-linkout-5 = {http://www.amazon.com/exec/obidos/redirect?tag=citeulike07-20\&path=ASIN/0470115394},
    citeulike-linkout-6 = {http://www.worldcat.org/isbn/0470115394},
    citeulike-linkout-7 = {http://books.google.com/books?vid=ISBN0470115394},
    citeulike-linkout-8 = {http://www.amazon.com/gp/search?keywords=0470115394\&index=books\&linkCode=qs},
    citeulike-linkout-9 = {http://www.librarything.com/isbn/0470115394},
    day = {11},
    edition = {2nd},
    howpublished = {Hardcover},
    isbn = {0470115394},
    keywords = {book, fluid\_dynamics, heat\_transfer},
    month = dec,
    posted-at = {2010-03-25 16:44:06},
    priority = {3},
    publisher = {John Wiley \& Sons, Inc.},
    title = {{Transport Phenomena, Revised 2nd Edition}},
    url = {http://www.amazon.com/exec/obidos/redirect?tag=citeulike07-20\&path=ASIN/0470115394},
    year = {2006}
}

